@book{wiegers2013software,
  title={Software Requirements},
  author={Wiegers, K. and Beatty, J.},
  isbn={9780735679627},
  series={Developer Best Practices},
  url={https://books.google.nl/books?id=nbpCAwAAQBAJ},
  year={2013},
  publisher={Pearson Education}
}

@misc{DMC,
  title = {Dike Monitoring and Conditioning System (DMC)},
  howpublished = {\url{http://www.dmc-system.com/}}
}

@phdthesis{UvAPHD,
  author       = {A.L. Pyayt},
  title        = {Combining Data-driven Methods with Finite Element Analysis for Flood Early Warning Systems},
  school       = {University of Amsterdam},
  year         = 2015,
  note         = {http://hdl.handle.net/11245/1.478298}
}